
<srw:record>
<srw:recordSchema>marcxchange</srw:recordSchema>
<srw:recordPacking>xml</srw:recordPacking>
<srw:recordData>
<mxc:record xmlns:mxc="info:lc/xmlns/marcxchange-v2" format="UNIMARC" id="ark:/12148/cb34449907h" type="Bibliographic">
<mxc:leader>     cas  22        450 </mxc:leader>
<mxc:controlfield tag="001">FRBNF344499070000007</mxc:controlfield>
<mxc:controlfield tag="003">http://catalogue.bnf.fr/ark:/12148/cb34449907h</mxc:controlfield>
<mxc:datafield tag="011" ind1="1" ind2=" ">
<mxc:subfield code="a">1162-3926</mxc:subfield>
<mxc:subfield code="f">1162-3926</mxc:subfield>
</mxc:datafield>
<mxc:datafield tag="020" ind1=" " ind2=" ">
<mxc:subfield code="a">FR</mxc:subfield>
<mxc:subfield code="b">19201988</mxc:subfield>
</mxc:datafield>
<mxc:datafield tag="039" ind1=" " ind2=" ">
<mxc:subfield code="o">OPL</mxc:subfield>
<mxc:subfield code="a">013740424</mxc:subfield>
</mxc:datafield>
<mxc:datafield tag="100" ind1=" " ind2=" ">
<mxc:subfield code="a">19920131b19911995m  y0frey50      ba</mxc:subfield>
</mxc:datafield>
<mxc:datafield tag="101" ind1="0" ind2=" ">
<mxc:subfield code="a">fre</mxc:subfield>
</mxc:datafield>
<mxc:datafield tag="102" ind1=" " ind2=" ">
<mxc:subfield code="a">FR</mxc:subfield>
</mxc:datafield>
<mxc:datafield tag="106" ind1=" " ind2=" ">
<mxc:subfield code="a">r</mxc:subfield>
</mxc:datafield>
<mxc:datafield tag="110" ind1=" " ind2=" ">
<mxc:subfield code="a">ah|z|||||z|</mxc:subfield>
</mxc:datafield>
<mxc:datafield tag="181" ind1=" " ind2="0">
<mxc:subfield code="6">01</mxc:subfield>
<mxc:subfield code="a">i </mxc:subfield>
<mxc:subfield code="b">xxxe  </mxc:subfield>
</mxc:datafield>
<mxc:datafield tag="181" ind1=" " ind2=" ">
<mxc:subfield code="6">02</mxc:subfield>
<mxc:subfield code="c">txt</mxc:subfield>
<mxc:subfield code="2">rdacontent</mxc:subfield>
</mxc:datafield>
<mxc:datafield tag="182" ind1=" " ind2="0">
<mxc:subfield code="6">01</mxc:subfield>
<mxc:subfield code="a">n</mxc:subfield>
</mxc:datafield>
<mxc:datafield tag="182" ind1=" " ind2=" ">
<mxc:subfield code="6">02</mxc:subfield>
<mxc:subfield code="c">n</mxc:subfield>
<mxc:subfield code="2">rdamedia</mxc:subfield>
</mxc:datafield>
<mxc:datafield tag="200" ind1="1" ind2=" ">
<mxc:subfield code="a">Feuille de liaison</mxc:subfield>
<mxc:subfield code="b">Texte imprimé</mxc:subfield>
<mxc:subfield code="f">Centre de documentation Jules Verne</mxc:subfield>
</mxc:datafield>
<mxc:datafield tag="207" ind1=" " ind2="0">
<mxc:subfield code="a">N° 20 (1991, 4ème trimest.)-n° 35/36 (1995, 2e trimest.)</mxc:subfield>
</mxc:datafield>
<mxc:datafield tag="210" ind1=" " ind2=" ">
<mxc:subfield code="a">Amiens</mxc:subfield>
<mxc:subfield code="b">2 rue Charles-Dubois, 80000</mxc:subfield>
<mxc:subfield code="c">Centre de documentation Jules Verne</mxc:subfield>
<mxc:subfield code="d">1991-1995</mxc:subfield>
</mxc:datafield>
<mxc:datafield tag="215" ind1=" " ind2=" ">
<mxc:subfield code="d">30 cm</mxc:subfield>
</mxc:datafield>
<mxc:datafield tag="312" ind1=" " ind2=" ">
<mxc:subfield code="a">Autre forme de titre : Jules Verne (Amiens. 1991)</mxc:subfield>
</mxc:datafield>
<mxc:datafield tag="430" ind1=" " ind2="1">
<mxc:subfield code="0">34408295</mxc:subfield>
<mxc:subfield code="t">JV (Amiens)</mxc:subfield>
<mxc:subfield code="x">0990-817X</mxc:subfield>
</mxc:datafield>
<mxc:datafield tag="440" ind1=" " ind2="1">
<mxc:subfield code="0">37127630</mxc:subfield>
<mxc:subfield code="t">Revue Jules Verne</mxc:subfield>
<mxc:subfield code="x">1280-9136</mxc:subfield>
</mxc:datafield>
<mxc:datafield tag="517" ind1="1" ind2=" ">
<mxc:subfield code="a">Jules Verne</mxc:subfield>
</mxc:datafield>
<mxc:datafield tag="517" ind1="1" ind2=" ">
<mxc:subfield code="a">Jules Verne (Amiens. 1991)</mxc:subfield>
</mxc:datafield>
<mxc:datafield tag="530" ind1="1" ind2=" ">
<mxc:subfield code="a">Feuille de liaison - Centre de documentation Jules Verne</mxc:subfield>
</mxc:datafield>
<mxc:datafield tag="676" ind1=" " ind2=" ">
<mxc:subfield code="a">843.8 (critique)</mxc:subfield>
<mxc:subfield code="v">23</mxc:subfield>
</mxc:datafield>
<mxc:datafield tag="686" ind1=" " ind2=" ">
<mxc:subfield code="a">800</mxc:subfield>
<mxc:subfield code="2">Cadre de classement de la Bibliographie nationale française</mxc:subfield>
</mxc:datafield>
<mxc:datafield tag="710" ind1="|" ind2="|">
<mxc:subfield code="3">11874273</mxc:subfield>
<mxc:subfield code="o">ISNI0000000122005134</mxc:subfield>
<mxc:subfield code="a">Centre international Jules Verne</mxc:subfield>
<mxc:subfield code="c">Amiens</mxc:subfield>
<mxc:subfield code="4">070</mxc:subfield>
</mxc:datafield>
<mxc:datafield tag="801" ind1=" " ind2="0">
<mxc:subfield code="a">FR</mxc:subfield>
<mxc:subfield code="b">FR-751131015</mxc:subfield>
<mxc:subfield code="c">19920131</mxc:subfield>
<mxc:subfield code="g">AFNOR</mxc:subfield>
<mxc:subfield code="h">FRBNF344499070000007</mxc:subfield>
<mxc:subfield code="2">intermrc</mxc:subfield>
</mxc:datafield>
<mxc:datafield tag="802" ind1=" " ind2=" ">
<mxc:subfield code="a">07</mxc:subfield>
</mxc:datafield>
<mxc:datafield tag="930" ind1=" " ind2=" ">
<mxc:subfield code="5">FR-751131010:34449907001001</mxc:subfield>
<mxc:subfield code="a">4-JO-54473</mxc:subfield>
<mxc:subfield code="b">759999999</mxc:subfield>
<mxc:subfield code="c">Tolbiac - Rez de Jardin - Littérature et art - Magasin</mxc:subfield>
<mxc:subfield code="d">O</mxc:subfield>
</mxc:datafield>
</mxc:record>      </srw:recordData>
<srw:recordIdentifier>ark:/12148/cb34449907h</srw:recordIdentifier>
<srw:recordPosition>6</srw:recordPosition>
<srw:extraRecordData>
<ixm:attr name="CreationDate">19920131</ixm:attr>
<ixm:attr name="LastModificationDate">20130626</ixm:attr>
<mn:score>11.500004</mn:score>
</srw:extraRecordData>
</srw:record>