
<srw:record>
<srw:recordSchema>marcxchange</srw:recordSchema>
<srw:recordPacking>xml</srw:recordPacking>
<srw:recordData>
<mxc:record xmlns:mxc="info:lc/xmlns/marcxchange-v2" format="UNIMARC" id="ark:/12148/cb347429467" type="Bibliographic">
<mxc:leader>     cam  22        450 </mxc:leader>
<mxc:controlfield tag="001">FRBNF347429460000001</mxc:controlfield>
<mxc:controlfield tag="003">http://catalogue.bnf.fr/ark:/12148/cb347429467</mxc:controlfield>
<mxc:datafield tag="010" ind1=" " ind2=" ">
<mxc:subfield code="a">2-01-008721-6</mxc:subfield>
<mxc:subfield code="b">Rel.</mxc:subfield>
<mxc:subfield code="d">34,35 F</mxc:subfield>
</mxc:datafield>
<mxc:datafield tag="020" ind1=" " ind2=" ">
<mxc:subfield code="a">FR</mxc:subfield>
<mxc:subfield code="b">08407701</mxc:subfield>
</mxc:datafield>
<mxc:datafield tag="039" ind1=" " ind2=" ">
<mxc:subfield code="o">OPL</mxc:subfield>
<mxc:subfield code="a">002220671</mxc:subfield>
</mxc:datafield>
<mxc:datafield tag="100" ind1=" " ind2=" ">
<mxc:subfield code="a">19840420d1982    m  y0frey50      ba</mxc:subfield>
</mxc:datafield>
<mxc:datafield tag="101" ind1="0" ind2=" ">
<mxc:subfield code="a">fre</mxc:subfield>
</mxc:datafield>
<mxc:datafield tag="102" ind1=" " ind2=" ">
<mxc:subfield code="a">FR</mxc:subfield>
</mxc:datafield>
<mxc:datafield tag="105" ind1=" " ind2=" ">
<mxc:subfield code="a">a   z   00|a|</mxc:subfield>
</mxc:datafield>
<mxc:datafield tag="106" ind1=" " ind2=" ">
<mxc:subfield code="a">r</mxc:subfield>
</mxc:datafield>
<mxc:datafield tag="181" ind1=" " ind2="0">
<mxc:subfield code="6">01</mxc:subfield>
<mxc:subfield code="a">i </mxc:subfield>
<mxc:subfield code="b">xxxe  </mxc:subfield>
<mxc:subfield code="a">b </mxc:subfield>
<mxc:subfield code="b">xb2e  </mxc:subfield>
</mxc:datafield>
<mxc:datafield tag="181" ind1=" " ind2=" ">
<mxc:subfield code="6">02</mxc:subfield>
<mxc:subfield code="c">txt</mxc:subfield>
<mxc:subfield code="c">sti</mxc:subfield>
<mxc:subfield code="2">rdacontent</mxc:subfield>
</mxc:datafield>
<mxc:datafield tag="182" ind1=" " ind2="0">
<mxc:subfield code="6">01</mxc:subfield>
<mxc:subfield code="a">n</mxc:subfield>
</mxc:datafield>
<mxc:datafield tag="182" ind1=" " ind2=" ">
<mxc:subfield code="6">02</mxc:subfield>
<mxc:subfield code="c">n</mxc:subfield>
<mxc:subfield code="2">rdamedia</mxc:subfield>
</mxc:datafield>
<mxc:datafield tag="200" ind1="1" ind2=" ">
<mxc:subfield code="a">Aventures de trois Russes et de trois Anglais</mxc:subfield>
<mxc:subfield code="b">Texte imprimé</mxc:subfield>
<mxc:subfield code="a">Les Histoires de Jean-Marie Cabidoulin</mxc:subfield>
<mxc:subfield code="f">Jules Verne</mxc:subfield>
<mxc:subfield code="g">dessins de J.-Férat et G. Roux...</mxc:subfield>
</mxc:datafield>
<mxc:datafield tag="210" ind1=" " ind2=" ">
<mxc:subfield code="a">Paris</mxc:subfield>
<mxc:subfield code="c">Hachette</mxc:subfield>
<mxc:subfield code="d">1982</mxc:subfield>
</mxc:datafield>
<mxc:datafield tag="215" ind1=" " ind2=" ">
<mxc:subfield code="a">440 p.</mxc:subfield>
<mxc:subfield code="c">ill.</mxc:subfield>
<mxc:subfield code="d">21 cm</mxc:subfield>
</mxc:datafield>
<mxc:datafield tag="225" ind1="|" ind2=" ">
<mxc:subfield code="a">Grandes œuvres</mxc:subfield>
<mxc:subfield code="i">Les Intégrales Jules Verne</mxc:subfield>
<mxc:subfield code="x">0182-8479</mxc:subfield>
</mxc:datafield>
<mxc:datafield tag="410" ind1=" " ind2="0">
<mxc:subfield code="0">34226854</mxc:subfield>
<mxc:subfield code="t">Grandes oeuvres. Les Intégrales Jules Verne</mxc:subfield>
<mxc:subfield code="x">0182-8479</mxc:subfield>
<mxc:subfield code="v">31</mxc:subfield>
</mxc:datafield>
<mxc:datafield tag="608" ind1=" " ind2=" ">
<mxc:subfield code="a">Romans</mxc:subfield>
<mxc:subfield code="2">CNLJ</mxc:subfield>
<mxc:subfield code="k">Avis critique donné par le Centre national de la littérature pour la jeunesse</mxc:subfield>
</mxc:datafield>
<mxc:datafield tag="686" ind1=" " ind2=" ">
<mxc:subfield code="a">83 </mxc:subfield>
<mxc:subfield code="2">Cadre de classement de la Bibliographie nationale française</mxc:subfield>
</mxc:datafield>
<mxc:datafield tag="700" ind1=" " ind2="|">
<mxc:subfield code="3">11928016</mxc:subfield>
<mxc:subfield code="o">ISNI0000000121400562</mxc:subfield>
<mxc:subfield code="a">Verne</mxc:subfield>
<mxc:subfield code="b">Jules</mxc:subfield>
<mxc:subfield code="4">070</mxc:subfield>
</mxc:datafield>
<mxc:datafield tag="702" ind1=" " ind2="|">
<mxc:subfield code="3">11902539</mxc:subfield>
<mxc:subfield code="o">ISNI0000000123477838</mxc:subfield>
<mxc:subfield code="a">Férat</mxc:subfield>
<mxc:subfield code="b">Jules</mxc:subfield>
<mxc:subfield code="4">440</mxc:subfield>
</mxc:datafield>
<mxc:datafield tag="702" ind1=" " ind2="|">
<mxc:subfield code="3">11922970</mxc:subfield>
<mxc:subfield code="o">ISNI0000000449345982</mxc:subfield>
<mxc:subfield code="a">Roux</mxc:subfield>
<mxc:subfield code="b">George</mxc:subfield>
<mxc:subfield code="4">440</mxc:subfield>
</mxc:datafield>
<mxc:datafield tag="801" ind1=" " ind2="0">
<mxc:subfield code="a">FR</mxc:subfield>
<mxc:subfield code="b">FR-751131015</mxc:subfield>
<mxc:subfield code="c">19840420</mxc:subfield>
<mxc:subfield code="g">AFNOR</mxc:subfield>
<mxc:subfield code="h">FRBNF347429460000001</mxc:subfield>
<mxc:subfield code="2">intermrc</mxc:subfield>
</mxc:datafield>
<mxc:datafield tag="930" ind1=" " ind2=" ">
<mxc:subfield code="5">FR-751131010:34742946001001</mxc:subfield>
<mxc:subfield code="a">16-Z-19572 (31)</mxc:subfield>
<mxc:subfield code="b">759999999</mxc:subfield>
<mxc:subfield code="c">Tolbiac - Rez de Jardin - Littérature et art - Magasin</mxc:subfield>
<mxc:subfield code="d">O</mxc:subfield>
</mxc:datafield>
<mxc:datafield tag="930" ind1=" " ind2=" ">
<mxc:subfield code="5">FR-751131010:34742946002001</mxc:subfield>
<mxc:subfield code="a">8-CNLJF-23676</mxc:subfield>
<mxc:subfield code="b">759999999</mxc:subfield>
<mxc:subfield code="c">Tolbiac - Rez de Jardin - Littérature et art - Magasin</mxc:subfield>
<mxc:subfield code="d">O</mxc:subfield>
</mxc:datafield>
</mxc:record>      </srw:recordData>
<srw:recordIdentifier>ark:/12148/cb347429467</srw:recordIdentifier>
<srw:recordPosition>15</srw:recordPosition>
<srw:extraRecordData>
<ixm:attr name="CreationDate">19860720</ixm:attr>
<ixm:attr name="LastModificationDate">20140703</ixm:attr>
<mn:score>11.37276</mn:score>
</srw:extraRecordData>
</srw:record>