
<srw:record>
<srw:recordSchema>marcxchange</srw:recordSchema>
<srw:recordPacking>xml</srw:recordPacking>
<srw:recordData>
<mxc:record xmlns:mxc="info:lc/xmlns/marcxchange-v2" format="UNIMARC" id="ark:/12148/cb342268548" type="Bibliographic">
<mxc:leader>     cas  22      i 450 </mxc:leader>
<mxc:controlfield tag="001">FRBNF342268540000005</mxc:controlfield>
<mxc:controlfield tag="003">http://catalogue.bnf.fr/ark:/12148/cb342268548</mxc:controlfield>
<mxc:datafield tag="011" ind1="0" ind2=" ">
<mxc:subfield code="a">0182-8479</mxc:subfield>
<mxc:subfield code="f">0182-8479</mxc:subfield>
</mxc:datafield>
<mxc:datafield tag="035" ind1=" " ind2=" ">
<mxc:subfield code="a">(CNEPS) 01828479</mxc:subfield>
</mxc:datafield>
<mxc:datafield tag="039" ind1=" " ind2=" ">
<mxc:subfield code="o">OPL</mxc:subfield>
<mxc:subfield code="a">003987636</mxc:subfield>
</mxc:datafield>
<mxc:datafield tag="100" ind1=" " ind2=" ">
<mxc:subfield code="a">19881005a1978    m  y0frey50      ba</mxc:subfield>
</mxc:datafield>
<mxc:datafield tag="101" ind1="0" ind2=" ">
<mxc:subfield code="a">fre</mxc:subfield>
</mxc:datafield>
<mxc:datafield tag="102" ind1=" " ind2=" ">
<mxc:subfield code="a">FR</mxc:subfield>
</mxc:datafield>
<mxc:datafield tag="106" ind1=" " ind2=" ">
<mxc:subfield code="a">r</mxc:subfield>
</mxc:datafield>
<mxc:datafield tag="110" ind1=" " ind2=" ">
<mxc:subfield code="a">bu|z|||||z|</mxc:subfield>
</mxc:datafield>
<mxc:datafield tag="181" ind1=" " ind2="0">
<mxc:subfield code="6">01</mxc:subfield>
<mxc:subfield code="a">i </mxc:subfield>
<mxc:subfield code="b">xxxe  </mxc:subfield>
</mxc:datafield>
<mxc:datafield tag="181" ind1=" " ind2=" ">
<mxc:subfield code="6">02</mxc:subfield>
<mxc:subfield code="c">txt</mxc:subfield>
<mxc:subfield code="2">rdacontent</mxc:subfield>
</mxc:datafield>
<mxc:datafield tag="182" ind1=" " ind2="0">
<mxc:subfield code="6">01</mxc:subfield>
<mxc:subfield code="a">n</mxc:subfield>
</mxc:datafield>
<mxc:datafield tag="182" ind1=" " ind2=" ">
<mxc:subfield code="6">02</mxc:subfield>
<mxc:subfield code="c">n</mxc:subfield>
<mxc:subfield code="2">rdamedia</mxc:subfield>
</mxc:datafield>
<mxc:datafield tag="200" ind1="1" ind2=" ">
<mxc:subfield code="a">Grandes oeuvres</mxc:subfield>
<mxc:subfield code="i">Les Intégrales Jules Verne</mxc:subfield>
<mxc:subfield code="b">Texte imprimé</mxc:subfield>
</mxc:datafield>
<mxc:datafield tag="210" ind1=" " ind2=" ">
<mxc:subfield code="a">Paris</mxc:subfield>
<mxc:subfield code="c">Hachette</mxc:subfield>
<mxc:subfield code="d">1978-</mxc:subfield>
</mxc:datafield>
<mxc:datafield tag="430" ind1=" " ind2="1">
<mxc:subfield code="0">34226853</mxc:subfield>
<mxc:subfield code="t">Grands romans, grands récits. Les Intégrales Jules Verne</mxc:subfield>
<mxc:subfield code="x">0182-8460</mxc:subfield>
</mxc:datafield>
<mxc:datafield tag="530" ind1="0" ind2=" ">
<mxc:subfield code="a">Grandes oeuvres. Les Intégrales Jules Verne</mxc:subfield>
</mxc:datafield>
<mxc:datafield tag="531" ind1=" " ind2=" ">
<mxc:subfield code="a">Grandes oeuvres, Intégr. Jules Verne</mxc:subfield>
</mxc:datafield>
<mxc:datafield tag="801" ind1=" " ind2="0">
<mxc:subfield code="a">FR</mxc:subfield>
<mxc:subfield code="b">FR-751131015</mxc:subfield>
<mxc:subfield code="c">19881005</mxc:subfield>
<mxc:subfield code="g">AFNOR</mxc:subfield>
<mxc:subfield code="h">FRBNF342268540000005</mxc:subfield>
<mxc:subfield code="2">intermrc</mxc:subfield>
</mxc:datafield>
<mxc:datafield tag="802" ind1=" " ind2=" ">
<mxc:subfield code="a">07</mxc:subfield>
</mxc:datafield>
</mxc:record>      </srw:recordData>
<srw:recordIdentifier>ark:/12148/cb342268548</srw:recordIdentifier>
<srw:recordPosition>20</srw:recordPosition>
<srw:extraRecordData>
<ixm:attr name="CreationDate">19860728</ixm:attr>
<ixm:attr name="LastModificationDate">20240304</ixm:attr>
<mn:score>11.340996</mn:score>
</srw:extraRecordData>
</srw:record>