
<srw:record>
<srw:recordSchema>marcxchange</srw:recordSchema>
<srw:recordPacking>xml</srw:recordPacking>
<srw:recordData>
<mxc:record xmlns:mxc="info:lc/xmlns/marcxchange-v2" format="UNIMARC" id="ark:/12148/cb436865650" type="Bibliographic">
<mxc:leader>     cas  22      i 450 </mxc:leader>
<mxc:controlfield tag="001">FRBNF436865650000004</mxc:controlfield>
<mxc:controlfield tag="003">http://catalogue.bnf.fr/ark:/12148/cb436865650</mxc:controlfield>
<mxc:datafield tag="011" ind1="0" ind2=" ">
<mxc:subfield code="a">2269-6407</mxc:subfield>
<mxc:subfield code="f">2269-6407</mxc:subfield>
</mxc:datafield>
<mxc:datafield tag="100" ind1=" " ind2=" ">
<mxc:subfield code="a">20131007a2009    m  y0frey50      ba</mxc:subfield>
</mxc:datafield>
<mxc:datafield tag="101" ind1="0" ind2=" ">
<mxc:subfield code="a">fre</mxc:subfield>
</mxc:datafield>
<mxc:datafield tag="102" ind1=" " ind2=" ">
<mxc:subfield code="a">FR</mxc:subfield>
</mxc:datafield>
<mxc:datafield tag="106" ind1=" " ind2=" ">
<mxc:subfield code="a">s</mxc:subfield>
<mxc:subfield code="a">r</mxc:subfield>
</mxc:datafield>
<mxc:datafield tag="110" ind1=" " ind2=" ">
<mxc:subfield code="a">hy|z|||||||</mxc:subfield>
</mxc:datafield>
<mxc:datafield tag="135" ind1=" " ind2=" ">
<mxc:subfield code="a">jrm||||||||||</mxc:subfield>
</mxc:datafield>
<mxc:datafield tag="181" ind1=" " ind2="0">
<mxc:subfield code="6">01</mxc:subfield>
<mxc:subfield code="a">i </mxc:subfield>
<mxc:subfield code="b">xxxe  </mxc:subfield>
<mxc:subfield code="a">b </mxc:subfield>
<mxc:subfield code="b">xb2e  </mxc:subfield>
</mxc:datafield>
<mxc:datafield tag="181" ind1=" " ind2=" ">
<mxc:subfield code="6">02</mxc:subfield>
<mxc:subfield code="c">txt</mxc:subfield>
<mxc:subfield code="c">sti</mxc:subfield>
<mxc:subfield code="2">rdacontent</mxc:subfield>
</mxc:datafield>
<mxc:datafield tag="182" ind1=" " ind2="0">
<mxc:subfield code="6">01</mxc:subfield>
<mxc:subfield code="a">b</mxc:subfield>
</mxc:datafield>
<mxc:datafield tag="182" ind1=" " ind2=" ">
<mxc:subfield code="6">02</mxc:subfield>
<mxc:subfield code="c">c</mxc:subfield>
<mxc:subfield code="2">rdamedia</mxc:subfield>
</mxc:datafield>
<mxc:datafield tag="200" ind1="1" ind2=" ">
<mxc:subfield code="a">Revuejulesverne</mxc:subfield>
<mxc:subfield code="b">Ressource électronique</mxc:subfield>
<mxc:subfield code="f">[Centre international Jules Verne]</mxc:subfield>
</mxc:datafield>
<mxc:datafield tag="210" ind1=" " ind2=" ">
<mxc:subfield code="a">[Amiens]</mxc:subfield>
<mxc:subfield code="b">[7 rue Duthoit ; 80000]</mxc:subfield>
<mxc:subfield code="c">[Centre international Jules Verne]</mxc:subfield>
<mxc:subfield code="d">2009-</mxc:subfield>
</mxc:datafield>
<mxc:datafield tag="215" ind1=" " ind2=" ">
<mxc:subfield code="a">1 ressource dématérialisée</mxc:subfield>
</mxc:datafield>
<mxc:datafield tag="230" ind1=" " ind2=" ">
<mxc:subfield code="a">Données textuelles et iconographiques en ligne</mxc:subfield>
</mxc:datafield>
<mxc:datafield tag="300" ind1=" " ind2=" ">
<mxc:subfield code="a">Blogue</mxc:subfield>
</mxc:datafield>
<mxc:datafield tag="300" ind1=" " ind2=" ">
<mxc:subfield code="a">Notice rédigée d'après la consultation de la ressource, 2013-10-07</mxc:subfield>
</mxc:datafield>
<mxc:datafield tag="304" ind1=" " ind2=" ">
<mxc:subfield code="a">Titre provenant de l'écran-titre</mxc:subfield>
</mxc:datafield>
<mxc:datafield tag="326" ind1=" " ind2=" ">
<mxc:subfield code="a">Mise à jour en continu</mxc:subfield>
</mxc:datafield>
<mxc:datafield tag="371" ind1=" " ind2=" ">
<mxc:subfield code="a">libre et intégral</mxc:subfield>
</mxc:datafield>
<mxc:datafield tag="488" ind1=" " ind2="1">
<mxc:subfield code="0">37127630</mxc:subfield>
<mxc:subfield code="t">Revue Jules Verne</mxc:subfield>
<mxc:subfield code="x">1280-9136</mxc:subfield>
</mxc:datafield>
<mxc:datafield tag="520" ind1="1" ind2=" ">
<mxc:subfield code="a">Le Blog de RJV</mxc:subfield>
</mxc:datafield>
<mxc:datafield tag="530" ind1="1" ind2=" ">
<mxc:subfield code="a">Revuejulesverne</mxc:subfield>
<mxc:subfield code="b">Bloc-notes</mxc:subfield>
</mxc:datafield>
<mxc:datafield tag="531" ind1=" " ind2=" ">
<mxc:subfield code="a">Revuejulesverne</mxc:subfield>
<mxc:subfield code="b">Bloc-notes</mxc:subfield>
</mxc:datafield>
<mxc:datafield tag="532" ind1="1" ind2="3">
<mxc:subfield code="a">Revue Jules Verne</mxc:subfield>
</mxc:datafield>
<mxc:datafield tag="676" ind1=" " ind2=" ">
<mxc:subfield code="a">843.809</mxc:subfield>
<mxc:subfield code="v">23</mxc:subfield>
</mxc:datafield>
<mxc:datafield tag="686" ind1=" " ind2=" ">
<mxc:subfield code="a">800</mxc:subfield>
<mxc:subfield code="2">Cadre de classement de la Bibliographie nationale française</mxc:subfield>
</mxc:datafield>
<mxc:datafield tag="710" ind1="|" ind2="|">
<mxc:subfield code="3">11874273</mxc:subfield>
<mxc:subfield code="o">ISNI0000000122005134</mxc:subfield>
<mxc:subfield code="a">Centre international Jules Verne</mxc:subfield>
<mxc:subfield code="c">Amiens</mxc:subfield>
<mxc:subfield code="4">070</mxc:subfield>
</mxc:datafield>
<mxc:datafield tag="801" ind1=" " ind2="0">
<mxc:subfield code="a">FR</mxc:subfield>
<mxc:subfield code="b">FR-751131015</mxc:subfield>
<mxc:subfield code="c">20131007</mxc:subfield>
<mxc:subfield code="g">AFNOR</mxc:subfield>
<mxc:subfield code="h">FRBNF436865650000004</mxc:subfield>
<mxc:subfield code="2">intermrc</mxc:subfield>
</mxc:datafield>
<mxc:datafield tag="802" ind1=" " ind2=" ">
<mxc:subfield code="a">07</mxc:subfield>
</mxc:datafield>
<mxc:datafield tag="856" ind1="4" ind2=" ">
<mxc:subfield code="2">URL</mxc:subfield>
<mxc:subfield code="u">http://revuejulesverne.over-blog.com/</mxc:subfield>
<mxc:subfield code="e">20131007</mxc:subfield>
</mxc:datafield>
<mxc:datafield tag="856" ind1="4" ind2=" ">
<mxc:subfield code="2">URL (capture dans Internet Archive)</mxc:subfield>
<mxc:subfield code="u">https://web.archive.org/web/*/http://revuejulesverne.over-blog.com/</mxc:subfield>
</mxc:datafield>
</mxc:record>      </srw:recordData>
<srw:recordIdentifier>ark:/12148/cb436865650</srw:recordIdentifier>
<srw:recordPosition>33</srw:recordPosition>
<srw:extraRecordData>
<ixm:attr name="CreationDate">20131007</ixm:attr>
<ixm:attr name="LastModificationDate">20240711</ixm:attr>
<mn:score>11.312669</mn:score>
</srw:extraRecordData>
</srw:record>