
<srw:record>
<srw:recordSchema>marcxchange</srw:recordSchema>
<srw:recordPacking>xml</srw:recordPacking>
<srw:recordData>
<mxc:record xmlns:mxc="info:lc/xmlns/marcxchange-v2" format="UNIMARC" id="ark:/12148/cb37012704b" type="Bibliographic">
<mxc:leader>     nam  22        450 </mxc:leader>
<mxc:controlfield tag="001">FRBNF370127040000006</mxc:controlfield>
<mxc:controlfield tag="003">http://catalogue.bnf.fr/ark:/12148/cb37012704b</mxc:controlfield>
<mxc:datafield tag="010" ind1=" " ind2=" ">
<mxc:subfield code="b">Rel.</mxc:subfield>
</mxc:datafield>
<mxc:datafield tag="039" ind1=" " ind2=" ">
<mxc:subfield code="o">OPL</mxc:subfield>
<mxc:subfield code="a">025193436</mxc:subfield>
</mxc:datafield>
<mxc:datafield tag="100" ind1=" " ind2=" ">
<mxc:subfield code="a">20000229g1999    m  y0frey50      ba</mxc:subfield>
</mxc:datafield>
<mxc:datafield tag="101" ind1="0" ind2=" ">
<mxc:subfield code="a">fre</mxc:subfield>
</mxc:datafield>
<mxc:datafield tag="102" ind1=" " ind2=" ">
<mxc:subfield code="a">CH</mxc:subfield>
</mxc:datafield>
<mxc:datafield tag="105" ind1=" " ind2=" ">
<mxc:subfield code="a">||||z   00||a</mxc:subfield>
</mxc:datafield>
<mxc:datafield tag="106" ind1=" " ind2=" ">
<mxc:subfield code="a">r</mxc:subfield>
</mxc:datafield>
<mxc:datafield tag="181" ind1=" " ind2="0">
<mxc:subfield code="6">01</mxc:subfield>
<mxc:subfield code="a">i </mxc:subfield>
<mxc:subfield code="b">xxxe  </mxc:subfield>
</mxc:datafield>
<mxc:datafield tag="181" ind1=" " ind2=" ">
<mxc:subfield code="6">02</mxc:subfield>
<mxc:subfield code="c">txt</mxc:subfield>
<mxc:subfield code="2">rdacontent</mxc:subfield>
</mxc:datafield>
<mxc:datafield tag="182" ind1=" " ind2="0">
<mxc:subfield code="6">01</mxc:subfield>
<mxc:subfield code="a">n</mxc:subfield>
</mxc:datafield>
<mxc:datafield tag="182" ind1=" " ind2=" ">
<mxc:subfield code="6">02</mxc:subfield>
<mxc:subfield code="c">n</mxc:subfield>
<mxc:subfield code="2">rdamedia</mxc:subfield>
</mxc:datafield>
<mxc:datafield tag="200" ind1="1" ind2=" ">
<mxc:subfield code="a">Correspondance inédite de Jules Verne et de Pierre-Jules Hetzel</mxc:subfield>
<mxc:subfield code="b">Texte imprimé</mxc:subfield>
<mxc:subfield code="e">1863-1886</mxc:subfield>
<mxc:subfield code="f">établie par Olivier Dumas, Piero Gondolo della Riva et Volker Dehs</mxc:subfield>
<mxc:subfield code="g">[publ. par la Société Jules Verne]</mxc:subfield>
</mxc:datafield>
<mxc:datafield tag="210" ind1=" " ind2=" ">
<mxc:subfield code="a">Genève</mxc:subfield>
<mxc:subfield code="c">Slatkine</mxc:subfield>
<mxc:subfield code="a">[Paris]</mxc:subfield>
<mxc:subfield code="c">[diff. H. Champion]</mxc:subfield>
<mxc:subfield code="d">1999-</mxc:subfield>
</mxc:datafield>
<mxc:datafield tag="215" ind1=" " ind2=" ">
<mxc:subfield code="d">23 cm</mxc:subfield>
</mxc:datafield>
<mxc:datafield tag="501" ind1="1" ind2=" ">
<mxc:subfield code="a">Correspondance</mxc:subfield>
<mxc:subfield code="m">français</mxc:subfield>
<mxc:subfield code="k">1863-1886]</mxc:subfield>
</mxc:datafield>
<mxc:datafield tag="686" ind1=" " ind2=" ">
<mxc:subfield code="a">92 </mxc:subfield>
<mxc:subfield code="2">Cadre de classement de la Bibliographie nationale française</mxc:subfield>
</mxc:datafield>
<mxc:datafield tag="700" ind1=" " ind2="|">
<mxc:subfield code="3">11928016</mxc:subfield>
<mxc:subfield code="o">ISNI0000000121400562</mxc:subfield>
<mxc:subfield code="a">Verne</mxc:subfield>
<mxc:subfield code="b">Jules</mxc:subfield>
<mxc:subfield code="f">1828-1905</mxc:subfield>
<mxc:subfield code="4">070</mxc:subfield>
</mxc:datafield>
<mxc:datafield tag="701" ind1=" " ind2="|">
<mxc:subfield code="3">12008284</mxc:subfield>
<mxc:subfield code="o">ISNI0000000121326905</mxc:subfield>
<mxc:subfield code="a">Hetzel</mxc:subfield>
<mxc:subfield code="b">Pierre-Jules</mxc:subfield>
<mxc:subfield code="f">1814-1886</mxc:subfield>
<mxc:subfield code="4">070</mxc:subfield>
</mxc:datafield>
<mxc:datafield tag="702" ind1=" " ind2="|">
<mxc:subfield code="3">12424566</mxc:subfield>
<mxc:subfield code="o">ISNI0000000081134510</mxc:subfield>
<mxc:subfield code="a">Dumas</mxc:subfield>
<mxc:subfield code="b">Olivier</mxc:subfield>
<mxc:subfield code="f">1929-2019</mxc:subfield>
<mxc:subfield code="4">340</mxc:subfield>
</mxc:datafield>
<mxc:datafield tag="702" ind1=" " ind2="|">
<mxc:subfield code="3">11905365</mxc:subfield>
<mxc:subfield code="o">ISNI000000008367799X</mxc:subfield>
<mxc:subfield code="a">Gondolo della Riva</mxc:subfield>
<mxc:subfield code="b">Piero</mxc:subfield>
<mxc:subfield code="f">1948-....</mxc:subfield>
<mxc:subfield code="4">340</mxc:subfield>
</mxc:datafield>
<mxc:datafield tag="702" ind1=" " ind2="|">
<mxc:subfield code="3">12416720</mxc:subfield>
<mxc:subfield code="o">ISNI0000000081251194</mxc:subfield>
<mxc:subfield code="a">Dehs</mxc:subfield>
<mxc:subfield code="b">Volker</mxc:subfield>
<mxc:subfield code="f">1964-....</mxc:subfield>
<mxc:subfield code="4">340</mxc:subfield>
</mxc:datafield>
<mxc:datafield tag="712" ind1="1" ind2="1">
<mxc:subfield code="3">12124662</mxc:subfield>
<mxc:subfield code="o">ISNI0000000087811594</mxc:subfield>
<mxc:subfield code="a">Société Jules Verne</mxc:subfield>
<mxc:subfield code="4">340</mxc:subfield>
</mxc:datafield>
<mxc:datafield tag="801" ind1=" " ind2="0">
<mxc:subfield code="a">FR</mxc:subfield>
<mxc:subfield code="b">FR-751131015</mxc:subfield>
<mxc:subfield code="c">20000229</mxc:subfield>
<mxc:subfield code="g">AFNOR</mxc:subfield>
<mxc:subfield code="h">FRBNF370127040000006</mxc:subfield>
<mxc:subfield code="2">intermrc</mxc:subfield>
</mxc:datafield>
</mxc:record>      </srw:recordData>
<srw:recordIdentifier>ark:/12148/cb37012704b</srw:recordIdentifier>
<srw:recordPosition>40</srw:recordPosition>
<srw:extraRecordData>
<ixm:attr name="CreationDate">20000308</ixm:attr>
<ixm:attr name="LastModificationDate">20061009</ixm:attr>
<mn:score>11.302495</mn:score>
</srw:extraRecordData>
</srw:record>