
<srw:record>
<srw:recordSchema>marcxchange</srw:recordSchema>
<srw:recordPacking>xml</srw:recordPacking>
<srw:recordData>
<mxc:record xmlns:mxc="info:lc/xmlns/marcxchange-v2" format="UNIMARC" id="ark:/12148/cb465115120" type="Bibliographic">
<mxc:leader>     cbc  22        450 </mxc:leader>
<mxc:controlfield tag="001">FRBNF465115120000005</mxc:controlfield>
<mxc:controlfield tag="003">http://catalogue.bnf.fr/ark:/12148/cb465115120</mxc:controlfield>
<mxc:datafield tag="100" ind1=" " ind2=" ">
<mxc:subfield code="a">20200131g20182019   y0frey50      ba</mxc:subfield>
</mxc:datafield>
<mxc:datafield tag="101" ind1="0" ind2=" ">
<mxc:subfield code="a">fre</mxc:subfield>
</mxc:datafield>
<mxc:datafield tag="102" ind1=" " ind2=" ">
<mxc:subfield code="a">FR</mxc:subfield>
</mxc:datafield>
<mxc:datafield tag="106" ind1=" " ind2=" ">
<mxc:subfield code="a">z</mxc:subfield>
</mxc:datafield>
<mxc:datafield tag="181" ind1=" " ind2="0">
<mxc:subfield code="6">01</mxc:subfield>
<mxc:subfield code="a">i </mxc:subfield>
<mxc:subfield code="b">xxxe  </mxc:subfield>
</mxc:datafield>
<mxc:datafield tag="181" ind1=" " ind2=" ">
<mxc:subfield code="6">02</mxc:subfield>
<mxc:subfield code="c">txt</mxc:subfield>
<mxc:subfield code="2">rdacontent</mxc:subfield>
</mxc:datafield>
<mxc:datafield tag="182" ind1=" " ind2="0">
<mxc:subfield code="6">01</mxc:subfield>
<mxc:subfield code="a">n</mxc:subfield>
</mxc:datafield>
<mxc:datafield tag="182" ind1=" " ind2=" ">
<mxc:subfield code="6">02</mxc:subfield>
<mxc:subfield code="c">n</mxc:subfield>
<mxc:subfield code="2">rdamedia</mxc:subfield>
</mxc:datafield>
<mxc:datafield tag="200" ind1="1" ind2=" ">
<mxc:subfield code="a">[Recueil. Cirque Jules Verne, Amiens, 2018-2019. Documents de programmation]</mxc:subfield>
<mxc:subfield code="b">Document d'archives</mxc:subfield>
</mxc:datafield>
<mxc:datafield tag="214" ind1=" " ind2="1">
<mxc:subfield code="d">2018-2019</mxc:subfield>
</mxc:datafield>
<mxc:datafield tag="215" ind1=" " ind2=" ">
<mxc:subfield code="a">20 documents de programmation (programme de saison, prospectus...)</mxc:subfield>
<mxc:subfield code="d">formats divers</mxc:subfield>
</mxc:datafield>
<mxc:datafield tag="300" ind1=" " ind2=" ">
<mxc:subfield code="a">Concerne également : Les Dodos, par Le P'tit cirk</mxc:subfield>
</mxc:datafield>
<mxc:datafield tag="300" ind1=" " ind2=" ">
<mxc:subfield code="a">Az_Zahar, par la compagnie Les Mélangeurs</mxc:subfield>
</mxc:datafield>
<mxc:datafield tag="300" ind1=" " ind2=" ">
<mxc:subfield code="a">Résiste, de Johanne Humblet, Knot, par Jean-Daniel Broussé et Nikki Rummer</mxc:subfield>
</mxc:datafield>
<mxc:datafield tag="300" ind1=" " ind2=" ">
<mxc:subfield code="a">Sismique, de Julien Cramillet, Duel, de Johannes Holm Veje et Martin Richard, Précieuse, de Rémi Auzanneau, Hernan Elencwajg, Tanguy Pelayo et Baptiste Petit</mxc:subfield>
</mxc:datafield>
<mxc:datafield tag="300" ind1=" " ind2=" ">
<mxc:subfield code="a">Nouvelle création collective 2019 de la Compagnie XY et Rachid Ouramdane</mxc:subfield>
</mxc:datafield>
<mxc:datafield tag="300" ind1=" " ind2=" ">
<mxc:subfield code="a">Qui pousse, par la Compagnie Lunatic</mxc:subfield>
</mxc:datafield>
<mxc:datafield tag="300" ind1=" " ind2=" ">
<mxc:subfield code="a">L'ombre du zèbre, mis en scène par Nicolas Gerbaud et Nicolas Daussy</mxc:subfield>
</mxc:datafield>
<mxc:datafield tag="300" ind1=" " ind2=" ">
<mxc:subfield code="a">J'accrocherai sur mon front un as de coeur, mis en scène par Anne-Laure Liégeois</mxc:subfield>
</mxc:datafield>
<mxc:datafield tag="300" ind1=" " ind2=" ">
<mxc:subfield code="a">Quel cirque ?! mis en scène par Nicolas Duvauchel</mxc:subfield>
</mxc:datafield>
<mxc:datafield tag="300" ind1=" " ind2=" ">
<mxc:subfield code="a">Gadoue, mis en scène par Luna Rousseau</mxc:subfield>
</mxc:datafield>
<mxc:datafield tag="300" ind1=" " ind2=" ">
<mxc:subfield code="a">Tôle story, mis en scène par Yaëlle Antoine</mxc:subfield>
</mxc:datafield>
<mxc:datafield tag="300" ind1=" " ind2=" ">
<mxc:subfield code="a">L'homme de boue, mis en scène par Luna Rousseau</mxc:subfield>
</mxc:datafield>
<mxc:datafield tag="300" ind1=" " ind2=" ">
<mxc:subfield code="a">Paï/pagan, de William Thomas</mxc:subfield>
</mxc:datafield>
<mxc:datafield tag="300" ind1=" " ind2=" ">
<mxc:subfield code="a">Marée basse, de Benjamin de Matteïs et Mickael le Guen</mxc:subfield>
</mxc:datafield>
<mxc:datafield tag="300" ind1=" " ind2=" ">
<mxc:subfield code="a">Être, mis en scène de Heddy Maalem</mxc:subfield>
</mxc:datafield>
<mxc:datafield tag="300" ind1=" " ind2=" ">
<mxc:subfield code="a">Document relatif au spectacle : Noos / conception de Justine Berthillot et Frédéri Vernier. - Blois : Halle aux Grains, 20170202</mxc:subfield>
</mxc:datafield>
<mxc:datafield tag="300" ind1=" " ind2=" ">
<mxc:subfield code="a">Document relatif au spectacle : Willy wolf / conception de la compagnie La Contrebande. - Montpellier : Domaine d'O, 20181221</mxc:subfield>
</mxc:datafield>
<mxc:datafield tag="300" ind1=" " ind2=" ">
<mxc:subfield code="a">Document relatif au spectacle : Voler dans les plumes / conception de Diane Dugard et Juan Cocho. - Amiens : Cirque Jules Verne, 20190226</mxc:subfield>
</mxc:datafield>
<mxc:datafield tag="300" ind1=" " ind2=" ">
<mxc:subfield code="a">Document relatif au spectacle : Le labo artistique de l'Ecole du Cirque Jules Verne / création de l'Ecole du Cirque Jules Verne. - Amiens : Cirque Jules Verne, 20190608</mxc:subfield>
</mxc:datafield>
<mxc:datafield tag="300" ind1=" " ind2=" ">
<mxc:subfield code="a">Document relatif au spectacle : i-solo / mise en scène d'Aline Reviriaud. - Amiens : Cirque Jules Verne, 20190125</mxc:subfield>
</mxc:datafield>
<mxc:datafield tag="300" ind1=" " ind2=" ">
<mxc:subfield code="a">Document relatif au spectacle : Fractales / mise en scène de Fanny Soriano. - Amiens : Cirque Jules Verne, 20190404</mxc:subfield>
</mxc:datafield>
<mxc:datafield tag="300" ind1=" " ind2=" ">
<mxc:subfield code="a">Document relatif au spectacle : Extrêmités / mise en scène de du Cirque Inextrêmiste. - Amiens : Cirque Jules Verne, 20190312</mxc:subfield>
</mxc:datafield>
<mxc:datafield tag="300" ind1=" " ind2=" ">
<mxc:subfield code="a">Document relatif au spectacle : Départ flip / conception d'Aurélie La Sala. - Amiens : Cirque Jules Verne, 20181012</mxc:subfield>
</mxc:datafield>
<mxc:datafield tag="300" ind1=" " ind2=" ">
<mxc:subfield code="a">Document relatif au spectacle : DéBaTailles / conception de Denis Plassard. - Amiens : Cirque Jules Verne, 20190429</mxc:subfield>
</mxc:datafield>
<mxc:datafield tag="300" ind1=" " ind2=" ">
<mxc:subfield code="a">Document relatif au spectacle : Corpus mentalus / mise en piste de Nicolas Bernard. - Amiens : Cirque Jules Verne, 20190320</mxc:subfield>
</mxc:datafield>
<mxc:datafield tag="300" ind1=" " ind2=" ">
<mxc:subfield code="a">Document relatif au spectacle : Circus remix / conception de Maroussia Diaz Verbèke. - Amiens : Cirque Jules Verne, 20190119</mxc:subfield>
</mxc:datafield>
<mxc:datafield tag="461" ind1=" " ind2="0">
<mxc:subfield code="0">39511407</mxc:subfield>
<mxc:subfield code="t">[Recueil. Cirque Jules Verne, Amiens]</mxc:subfield>
</mxc:datafield>
<mxc:datafield tag="601" ind1="|" ind2="|">
<mxc:subfield code="3">14656732</mxc:subfield>
<mxc:subfield code="a">Cirque Jules Verne</mxc:subfield>
<mxc:subfield code="c">Amiens</mxc:subfield>
<mxc:subfield code="2">rameau</mxc:subfield>
</mxc:datafield>
<mxc:datafield tag="712" ind1="1" ind2="1">
<mxc:subfield code="3">14656732</mxc:subfield>
<mxc:subfield code="a">Cirque Jules Verne</mxc:subfield>
<mxc:subfield code="c">Amiens</mxc:subfield>
<mxc:subfield code="4">560</mxc:subfield>
</mxc:datafield>
<mxc:datafield tag="801" ind1=" " ind2="0">
<mxc:subfield code="a">FR</mxc:subfield>
<mxc:subfield code="b">FR-751131015</mxc:subfield>
<mxc:subfield code="c">20200131</mxc:subfield>
<mxc:subfield code="g">AFNOR</mxc:subfield>
<mxc:subfield code="h">FRBNF465115120000005</mxc:subfield>
<mxc:subfield code="2">intermrc</mxc:subfield>
</mxc:datafield>
<mxc:datafield tag="930" ind1=" " ind2=" ">
<mxc:subfield code="5">FR-751041001:46511512001001</mxc:subfield>
<mxc:subfield code="a">WNB-1009 (2018-2019)</mxc:subfield>
<mxc:subfield code="b">759999999</mxc:subfield>
<mxc:subfield code="c">Richelieu - Arts du spectacle - Magasin</mxc:subfield>
<mxc:subfield code="d">N</mxc:subfield>
</mxc:datafield>
</mxc:record>      </srw:recordData>
<srw:recordIdentifier>ark:/12148/cb465115120</srw:recordIdentifier>
<srw:recordPosition>45</srw:recordPosition>
<srw:extraRecordData>
<ixm:attr name="CreationDate">20200131</ixm:attr>
<ixm:attr name="LastModificationDate">20200206</ixm:attr>
<mn:score>11.270981</mn:score>
</srw:extraRecordData>
</srw:record>