
<srw:record>
<srw:recordSchema>marcxchange</srw:recordSchema>
<srw:recordPacking>xml</srw:recordPacking>
<srw:recordData>
<mxc:record xmlns:mxc="info:lc/xmlns/marcxchange-v2" format="UNIMARC" id="ark:/12148/cb416909318" type="Bibliographic">
<mxc:leader>     nam  22     3n 450 </mxc:leader>
<mxc:controlfield tag="001">FRBNF416909310000000</mxc:controlfield>
<mxc:controlfield tag="003">http://catalogue.bnf.fr/ark:/12148/cb416909318</mxc:controlfield>
<mxc:datafield tag="039" ind1=" " ind2=" ">
<mxc:subfield code="o">ARS</mxc:subfield>
<mxc:subfield code="a">FU497007860001P  </mxc:subfield>
</mxc:datafield>
<mxc:datafield tag="100" ind1=" " ind2=" ">
<mxc:subfield code="a">20070101d1983    m  y0frey50      ba</mxc:subfield>
</mxc:datafield>
<mxc:datafield tag="101" ind1="0" ind2=" ">
<mxc:subfield code="a">fre</mxc:subfield>
</mxc:datafield>
<mxc:datafield tag="102" ind1=" " ind2=" ">
<mxc:subfield code="a">FR</mxc:subfield>
</mxc:datafield>
<mxc:datafield tag="105" ind1=" " ind2=" ">
<mxc:subfield code="a">||||z   00|||</mxc:subfield>
</mxc:datafield>
<mxc:datafield tag="106" ind1=" " ind2=" ">
<mxc:subfield code="a">r</mxc:subfield>
</mxc:datafield>
<mxc:datafield tag="181" ind1=" " ind2="0">
<mxc:subfield code="6">01</mxc:subfield>
<mxc:subfield code="a">i </mxc:subfield>
<mxc:subfield code="b">xxxe  </mxc:subfield>
</mxc:datafield>
<mxc:datafield tag="181" ind1=" " ind2=" ">
<mxc:subfield code="6">02</mxc:subfield>
<mxc:subfield code="c">txt</mxc:subfield>
<mxc:subfield code="2">rdacontent</mxc:subfield>
</mxc:datafield>
<mxc:datafield tag="182" ind1=" " ind2="0">
<mxc:subfield code="6">01</mxc:subfield>
<mxc:subfield code="a">n</mxc:subfield>
</mxc:datafield>
<mxc:datafield tag="182" ind1=" " ind2=" ">
<mxc:subfield code="6">02</mxc:subfield>
<mxc:subfield code="c">n</mxc:subfield>
<mxc:subfield code="2">rdamedia</mxc:subfield>
</mxc:datafield>
<mxc:datafield tag="200" ind1="1" ind2=" ">
<mxc:subfield code="a">36 lettres inédites [à ses parents]</mxc:subfield>
<mxc:subfield code="b">Texte imprimé</mxc:subfield>
<mxc:subfield code="e">[1849-1871]</mxc:subfield>
<mxc:subfield code="f">Jules Verne</mxc:subfield>
<mxc:subfield code="g">préfacées et annotées par Olivier Dumas</mxc:subfield>
</mxc:datafield>
<mxc:datafield tag="210" ind1=" " ind2=" ">
<mxc:subfield code="a">Paris</mxc:subfield>
<mxc:subfield code="c">Société Jules Verne</mxc:subfield>
<mxc:subfield code="d">1983</mxc:subfield>
</mxc:datafield>
<mxc:datafield tag="215" ind1=" " ind2=" ">
<mxc:subfield code="a">52 p.</mxc:subfield>
<mxc:subfield code="d">21 cm</mxc:subfield>
</mxc:datafield>
<mxc:datafield tag="300" ind1=" " ind2=" ">
<mxc:subfield code="a">N° Hors série de : "Bulletin de la Société Jules Verne"</mxc:subfield>
</mxc:datafield>
<mxc:datafield tag="312" ind1=" " ind2=" ">
<mxc:subfield code="a">Autre forme de titre : Trente-six lettres inédites [à ses parents]</mxc:subfield>
</mxc:datafield>
<mxc:datafield tag="517" ind1="1" ind2=" ">
<mxc:subfield code="a">Trente-six lettres inédites [à ses parents]</mxc:subfield>
</mxc:datafield>
<mxc:datafield tag="700" ind1=" " ind2="|">
<mxc:subfield code="3">11928016</mxc:subfield>
<mxc:subfield code="o">ISNI0000000121400562</mxc:subfield>
<mxc:subfield code="a">Verne</mxc:subfield>
<mxc:subfield code="b">Jules</mxc:subfield>
<mxc:subfield code="4">070</mxc:subfield>
</mxc:datafield>
<mxc:datafield tag="702" ind1=" " ind2="|">
<mxc:subfield code="3">12424566</mxc:subfield>
<mxc:subfield code="o">ISNI0000000081134510</mxc:subfield>
<mxc:subfield code="a">Dumas</mxc:subfield>
<mxc:subfield code="b">Olivier</mxc:subfield>
<mxc:subfield code="4">340</mxc:subfield>
</mxc:datafield>
<mxc:datafield tag="801" ind1=" " ind2="0">
<mxc:subfield code="a">FR</mxc:subfield>
<mxc:subfield code="b">FR-751131015</mxc:subfield>
<mxc:subfield code="c">20070101</mxc:subfield>
<mxc:subfield code="g">AFNOR</mxc:subfield>
<mxc:subfield code="h">FRBNF416909310000000</mxc:subfield>
<mxc:subfield code="2">intermrc</mxc:subfield>
</mxc:datafield>
<mxc:datafield tag="930" ind1=" " ind2=" ">
<mxc:subfield code="5">FR-751041002:41690931001001</mxc:subfield>
<mxc:subfield code="a">8-JO-23623 (1983)</mxc:subfield>
<mxc:subfield code="b">759999999</mxc:subfield>
<mxc:subfield code="c">Arsenal - Magasin</mxc:subfield>
<mxc:subfield code="d">N</mxc:subfield>
</mxc:datafield>
</mxc:record>      </srw:recordData>
<srw:recordIdentifier>ark:/12148/cb416909318</srw:recordIdentifier>
<srw:recordPosition>49</srw:recordPosition>
<srw:extraRecordData>
<ixm:attr name="CreationDate">20100914</ixm:attr>
<ixm:attr name="LastModificationDate">20200513</ixm:attr>
<mn:score>11.265714</mn:score>
</srw:extraRecordData>
</srw:record>